<record><leader>00000cas a2200000 a 4500</leader><controlfield tag="001">12982896</controlfield><controlfield tag="008">860106d18971899dcuwr ne      0    0eng c</controlfield><datafield ind1=" " ind2=" " tag="010"><subfield code="a">sn 86063002 </subfield></datafield><datafield ind1=" " ind2=" " tag="040"><subfield code="a">KSH</subfield><subfield code="b">eng</subfield><subfield code="c">KSH</subfield><subfield code="d">NPT</subfield><subfield code="d">DLC</subfield><subfield code="d">CNK</subfield><subfield code="d">NVF</subfield><subfield code="d">OCLCQ</subfield><subfield code="d">OCLCF</subfield><subfield code="d">OCLCO</subfield></datafield><datafield ind1="1" ind2=" " tag="029"><subfield code="a">AU@</subfield><subfield code="b">000004560289</subfield></datafield><datafield ind1=" " ind2=" " tag="042"><subfield code="a">pcc</subfield></datafield><datafield ind1=" " ind2=" " tag="043"><subfield code="a">n-us---</subfield><subfield code="a">n-us-dc</subfield></datafield><datafield ind1="0" ind2="4" tag="245"><subfield code="a">The Silver knight-watchman.</subfield></datafield><datafield ind1="1" ind2="7" tag="246"><subfield code="a">Silver knight-national watchman</subfield><subfield code="f">&lt;Jan. 6-Dec. 29, 1898&gt;</subfield></datafield><datafield ind1=" " ind2=" " tag="260"><subfield code="a">Washington, D.C. :</subfield><subfield code="b">Silver Knight Pub. Co.,</subfield><subfield code="c">1897-1899.</subfield></datafield><datafield ind1=" " ind2=" " tag="300"><subfield code="a">v.</subfield></datafield><datafield ind1=" " ind2=" " tag="310"><subfield code="a">Weekly</subfield></datafield><datafield ind1="0" ind2=" " tag="362"><subfield code="a">Vol. 8, no. 237 (Jan. 7, 1897)-v. 10, no. 351 (Mar. 16, 1899).</subfield></datafield><datafield ind1=" " ind2=" " tag="500"><subfield code="a">Published concurrently in Alexandria, Va. and Washington, D.C.</subfield></datafield><datafield ind1=" " ind2="0" tag="650"><subfield code="a">Bimetallism</subfield><subfield code="z">United States</subfield><subfield code="v">Newspapers.</subfield></datafield><datafield ind1=" " ind2="0" tag="651"><subfield code="a">Washington (D.C.)</subfield><subfield code="v">Newspapers.</subfield></datafield><datafield ind1=" " ind2="7" tag="655"><subfield code="a">Newspapers.</subfield><subfield code="2">fast</subfield><subfield code="0">(OCoLC)fst01423814</subfield></datafield><datafield ind1=" " ind2="7" tag="650"><subfield code="a">Bimetallism.</subfield><subfield code="2">fast</subfield><subfield code="0">(OCoLC)fst00831853</subfield></datafield><datafield ind1=" " ind2="7" tag="651"><subfield code="a">United States.</subfield><subfield code="2">fast</subfield><subfield code="0">(OCoLC)fst01204155</subfield></datafield><datafield ind1=" " ind2="7" tag="651"><subfield code="a">Washington (D.C.)</subfield><subfield code="2">fast</subfield><subfield code="0">(OCoLC)fst01204505</subfield></datafield><datafield ind1=" " ind2=" " tag="752"><subfield code="a">United States</subfield><subfield code="b">District of Columbia</subfield><subfield code="d">Washington.</subfield></datafield><datafield ind1=" " ind2=" " tag="752"><subfield code="a">United States</subfield><subfield code="b">Virginia</subfield><subfield code="c">Alexandria</subfield><subfield code="d">Alexandria.</subfield></datafield><datafield ind1="0" ind2="0" tag="780"><subfield code="t">Silver knight and national watchman</subfield><subfield code="w">(DLC)sn 94052694</subfield></datafield><datafield ind1="0" ind2="0" tag="785"><subfield code="t">National watchman (Washington, D.C. : 1899)</subfield><subfield code="w">(DLC)sn 86063003</subfield></datafield></record>